3384 5425
323 655 497 758 conen
519 657 602 746 us.
627 654 743 744 rar.
771 653 964 744 eroon
986 649 1135 783 eron·
1220 665 1270 752 re
1398 601 1402 609 ’

224 875 253 924 ur
272 857 405 926 locorum
430 871 543 938 gercca
563 847 657 940 latine
677 849 832 934 reddidit,
851 850 940 920 itum
962 870 1001 918 ac
1018 845 1270 934 magnitudinem

223 966 371 1036 insularum
397 967 571 1050 indicauil3
604 967 718 1036 ordine
739 979 843 1036 tamen
865 967 1044 1034 tabularum
1067 959 1272 1047 Agathodaeq

223 1081 304 1149 nonis
326 1083 370 1152 ita
390 1079 524 1162 seruato,
557 1094 675 1152 utnon
696 1084 803 1172 plures
825 1099 919 1172 quam
944 1081 1070 1150 XXVII
1093 1079 1271 1171 delinearet

223 1197 342 1280 tabularr
369 1197 503 1268 tolidem
524 1193 588 1264 scil.
613 1207 691 1282 quot
714 1196 838 1282 egregii
860 1197 1009 1278 Codicer,
1033 1195 1273 1283 Viennensuet

222 1311 357 1392 Venetus,
381 1311 560 1392 ostendunt,
582 1321 724 1398 quotque
737 1311 841 1393 ,eriam
861 1313 1056 1380 Ebnerianut
1078 1313 1192 1384 Codex
1217 1310 1272 1378 ha·

220 1423 272 1494 brt·
311 1426 414 1498 Huius
434 1439 538 1495 autem
559 1414 694 1490 tabulac'
706 1423 802 1491 uariis
822 1423 994 1508 coloribus,
1022 1448 1086 1496 non
1105 1433 1190 1508 oleo,
1210 1423 1271 1500 sed
1419 1474 1423 1482 -
1455 1442 1462 1462 ·

220 1559 282 1626 rqua
300 1539 480 1630 summique
506 1539 701 1636 temperatis,
740 1537 920 1622 dillinllae3
951 1539 1006 1622 itr',
1047 1551 1084 1609 ut
1105 1546 1193 1610 color
1214 1539 1288 1610 ille*
1418 1536 1422 1544 ’

221 1657 375 1740 coeruleus,
405 1654 626 1726 ultramarinus
655 1653 769 1734 ditius,
803 1673 888 1721 mare
917 1656 970 1720 uel
988 1651 1101 1722 fluuios
1130 1654 1164 1724 in
1183 1638 1272 1723 mare
1361 1642 1369 1652 ’

220 1765 437 1860 descendentes,
463 1767 595 1852 rubeus,
625 1771 736 1848 lituus,
767 1780 821 1836 aut
842 1767 905 1844 alii,
932 1787 992 1854 pro
1015 1787 1121 1836 earum
1142 1767 1273 1836 diuerli·

221 1891 270 1949 tate
292 1881 405 1955 lnsulas
431 1871 584 1972 delegaret.
647 1885 770 1953 Gradus
798 1881 1007 1970 longitudinis
1039 1893 1074 1951 et
1097 1883 1274 1956 latitudinis
1369 1941 1372 1944 .

221 1999 348 2068 extremis
369 1999 547 2071 tabularum
565 1991 684 2080 limblr,
714 2017 791 2070 auro
820 1997 975 2078 obdullis,
997 1998 1106 2068 buxeo
1127 1996 1197 2069 sunt
1218 2022 1276 2069 co«

220 2111 273 2178 lore
294 2113 446 2204 inseripti.
488 2115 628 2184 Nomina
654 2107 838 2198 Regionum
862 2113 1162 2203 Prouinciaruroque
1188 2113 1274 2184 uuo:

221 2227 253 2294 ris
270 2228 368 2299 aureis
398 2243 453 2300 aut
472 2229 598 2312 rubrio,
618 2228 737 2316 iisque
757 2225 952 2307 nlaioribus,
992 2227 1121 2298 urbium
1140 2249 1218 2301 uero
1239 2240 1276 2300 et

221 2343 390 2428 tepidorum
409 2356 530 2416 tanturn
556 2355 740 2424 atramento,
768 2341 823 2412 sed
843 2339 958 2410 diueri
977 2340 1129 2426 nigroris,
1160 2345 1274 2432 tlgnffi.
1382 2370 1388 2388 ι

221 2473 316 2526 untur.
358 2464 434 2549 Quo
459 2461 552 2528 etiarn
572 2458 644 2530 itur
663 2462 807 2526 locorum
825 2469 973 2526 accurate
985 2459 1172 2548 'potuerint'
1184 2460 1271 2529 indi·

223 2573 278 2654 rari,
304 2576 406 2644 lineae
427 2576 461 2642 in
486 2575 668 2642 membrana
688 2569 1002 2659 perpendiculariter
1022 2584 1055 2639 et
1075 2570 1272 2659 tranrneriun

222 2685 274 2757 sunt
290 2689 417 2773 donau
456 2709 588 2777 quarum
618 2685 749 2774 uestigia
771 2688 804 2757 in
827 2685 948 2756 Codice
973 2685 1077 2781 adlruc
1094 2687 1274 2775 deprehen·

222 2802 326 2871 duntur.
367 2810 535 2886 Praeterea
562 2817 596 2875 et
614 2803 677 2871 hoe
700 2802 778 2871 milri
807 2801 937 2874 uidetur
959 2803 1204 2873 conlideratioue
1223 2806 1278 2897 dig

223 2932 307 3000 luunt,
327 2919 416 3006 quod
438 2921 546 2999 urbes,
572 2938 650 3008 prae
675 2918 745 2985 aliia
762 2916 908 2995 maiorer,
929 2913 1054 3001 semper
1072 2920 1190 3006 puello
1209 2939 1277 2990 aua«

223 3032 267 3101 lori
288 3054 390 3113 aureo,
416 3034 554 3105 roinoret
575 3054 654 3105 uero
675 3032 816 3103 circellis
836 3042 958 3101 uotam
980 3028 1175 3117 minusculis,
1192 3044 1278 3110 atre.

223 3164 305 3223 uento
324 3149 438 3229 luetis,
458 3150 653 3225 indicentur.
722 3220 725 3227 ⁴

290 3382 379 3451 Ordo
407 3384 584 3457 tabularum
610 3379 709 3453 nostri
734 3381 866 3455 codicis
891 3400 963 3466 curn
985 3366 1289 3469 Agatlrodaeruonirx

224 3492 313 3565 tabulis
332 3498 418 3567 idem
434 3500 504 3567 fere
528 3494 584 3573 est.
623 3498 726 3565 Prima
747 3496 831 3565 eninr
851 3497 926 3567 ostia
945 3494 1128 3567 uniuersum
1148 3501 1274 3585 orbem,

224 3616 279 3676 tunc
290 3616 440 3699 temporis
456 3612 630 3699 cognitum,
663 3610 800 3681 secunda
812 3612 931 3683 lnsulaa
947 3611 1085 3683 Albiona
1103 3626 1135 3682 et
1149 3616 1274 3691 Hiber.

225 3718 295 3803 nian,
318 3740 349 3795 et
368 3728 408 3797 lic
424 3748 533 3813 porro,
558 3725 865 3809 seeundumlerien,
885 3750 980 3818 quam
991 3726 1060 3817 ipse
1073 3734 1275 3823 ptolomaeae

226 3830 302 3907 libro
317 3842 397 3913 Vlll
418 3840 566 3915 seruauit.
606 3841 746 3927 Reliqua
765 3842 879 3927 Capita
895 3842 992 3911 libri
1009 3843 1122 3928 luins,
1157 3846 1234 3917 inde
1253 3867 1275 3943 a

225 3944 354 4038 leurdo,
388 3956 516 4027 auersae
534 3958 712 4026 tabularum
728 3957 812 4043 parti
834 3954 905 4030 sunt
928 3956 1109 4043 inscriptae,
1144 3973 1181 4029 ut
1203 3958 1273 4033 scil.

225 4068 328 4149 quaeris
347 4074 455 4145 tabula
474 4082 610 4143 textum*
622 4070 739 4159 ipsum,
768 4072 810 4141 ad
830 4094 927 4161 quern
948 4074 1106 4145 delineata
1126 4076 1173 4158 fit,
1193 4078 1273 4145 faci-

225 4176 267 4250 lu
284 4184 431 4262 ostendat.
490 4186 613 4265 Vltima
635 4190 744 4260 lrbula
771 4189 914 4261 ffimam
943 4210 1074 4281 quoque
1097 4190 1304 4263 Periodunt·
1378 4198 1398 4283 ’.

699 4304 769 4392 ἲς
1062 4317 1066 4321 “
1189 4306 1271 4380 diui
