3384 5425
312 697 314 704 ’
415 711 466 796 84
598 685 949 796 umtto'rltsscn
969 685 1288 780 EBNERIANA.

286 941 314 983 ,ι
416 893 463 968 lc·
478 890 547 960 fieri
578 891 703 977 potuit,
734 903 768 960 ut
791 887 1048 980 chrysographtia
1084 887 1179 958 tinsla
1211 887 1273 956 iam
1301 887 1479 976 membrana,

418 1008 488 1081 ueri
508 1005 642 1075 nominis
668 1006 800 1099 oblitus,
825 1006 911 1119 aliud
932 1003 1093 1075 toco'clor
1111 999 1315 1073 substituerit.

489 1175 490 1184 ¹
506 1145 744 1273 inscriptionem
760 1185 841 1253 hanc
861 1180 928 1272 ipsa
948 1181 1091 1273 sequitui
1105 1181 1277 1264 dedicatio,
1298 1203 1402 1271 quain,
1422 1203 1481 1250 eun

276 1389 279 1402 Ι
419 1301 455 1373 in
474 1300 667 1380 Bononiensi,
699 1301 832 1384 rliisqoe
854 1295 954 1367 exstet
982 1301 1190 1376 editionibus,
1211 1301 1274 1368 ltuc
1295 1297 1480 1368 transl'cribe

418 1439 456 1488 tc
476 1422 562 1488 nolo.
603 1415 732 1502 Excipit
757 1435 823 1480 cam
853 1427 958 1482 textus
979 1410 1067 1500 ipse,
1101 1414 1312 1501 compleiiens
1334 1435 1439 1484 tieram
1457 1424 1481 1482 ct

421 1533 589 1624 genuinam
619 1531 729 1600 lacobi
757 1529 872 1612 Angeli
900 1529 1093 1625 uersionem3
1136 1551 1217 1621 quae
1242 1531 1275 1600 in
1294 1530 1481 1598 Romanatt

419 1646 553 1734 reliquis
572 1645 766 1714 editionibus
786 1665 850 1713 non
868 1644 948 1714 nihil
966 1645 1027 1712 lliit
1050 1649 1226 1730 emendata,
1250 1646 1283 1716 in
1305 1645 1369 1714 sola
1390 1659 1480 1714 roten

323 1835 327 1848 ,
419 1761 606 1836 Bononiensi
635 1762 795 1840 editione,
834 1779 896 1827 raon
930 1754 1040 1842 14⁶2,
1081 1756 1136 1828 sed
1157 1761 1264 1844 potius
1294 1765 1384 1844 1482
1409 1757 1482 1848 qpit

369 1903 375 1936 i
419 1875 574 1963 expresse,
601 1890 751 1965 quantum
773 1893 833 1960 ego
861 1873 1008 1955 comicie,
1034 1879 1217 1960 incorrupta
1242 1875 1372 1960 legitor.
1413 1875 1480 1942 Catt-

254 1971 256 1978 ,
368 1977 372 1986 ¹
419 1990 452 2064 sa
473 2014 550 2061 uero
572 1990 828 2060 emendationis'
820 2009 852 2055 in
881 1988 1042 2076 plerisque
1071 1987 1265 2056 editionibus
1287 1989 1350 2056 fuit
1369 1987 1482 2055 diocri-

421 2119 470 2180 tas
490 2108 696 2177 Merioiani·
742 2109 937 2172 Ptolemaeus
970 2103 1053 2171 enim
1080 2102 1253 2198 secundum
1279 2101 1483 2170 Meridianun

382 2260 385 2268 ,
419 2220 669 2299 Alexandrinum
692 2219 796 2287 omnia
818 2223 888 2286 loca
908 2217 1068 2288 dimensus
1094 2215 1156 2298 est,
1194 2216 1310 2304 reliqui
1340 2235 1420 2283 uero
1441 2235 1482 2281 ic·

421 2339 583 2408 cautiores·
608 2334 829 2406 Mathematici
866 2334 1019 2402 rationem
1054 2331 1295 2420 computationis
1325 2327 1483 2400 Ptolemaei

420 2471 484 2520 non
505 2450 705 2516 habuerunt:
756 2449 832 2515 inde
850 2450 1044 2516 Ptolemaeus
1065 2449 1144 2516 adeo
1166 2447 1226 2516 fuit
1257 2460 1408 2530 mutatur,
1445 2459 1481 2528 ut,

418 2563 559 2646 docente
579 2561 722 2642 Ercsmo,
767 2561 799 2632 in
821 2567 921 2635 Pael.
947 2563 987 2631 nd
1010 2564 1094 2636 Edit.
1117 2567 1205 2634 Basil.
1226 2566 1392 2645 Graecam,
1439 2580 1492 2675 eut1

418 2679 584 2751 numeros,
607 2695 687 2762 quos
710 2677 907 2781 Ptolemaeus
925 2673 1090 2762 tradidit,
1109 2699 1204 2769 quatu
1225 2680 1360 2750 maxime
1379 2698 1490 2775 ,ιοιιιιη

420 2805 495 2887 ptos
515 2791 612 2859 hodie
628 2789 809 2864 habeamus.
1480 2859 1491 2901 ,

443 2954 446 2965 ⁵
501 2972 650 3045 Tabulae
665 2974 907 3061 Geograpliicae
926 2978 1099 3046 collocatae
1118 2974 1405 3064 deprehenduntur
1425 2976 1489 3074 pos*

373 3076 531 3165 “ultima
552 3090 650 3160 uerba
671 3087 794 3175 Capitis
816 3089 865 3168 ll,
903 3109 945 3157 ex
970 3090 1070 3159 Libro
1095 3094 1185 3173 Vlll,
1222 3092 1360 3183 hincque
1392 3098 1490 3185 capita*

418 3205 555 3293 reliqui,
579 3206 703 3275 tabulas
724 3201 817 3293 ipsas,
855 3223 1026 3291 earumque
1047 3206 1280 3292 dispositionem
1303 3230 1481 3281 concernen-

418 3321 479 3399 ιιι,
516 3309 658 3405 quaein
685 3318 829 3389 omnibus
851 3312 919 3388 fece*
948 3320 1142 3391 editionibus
1162 3325 1292 3393 Graecis
1316 3328 1438 3409 pariter
1454 3333 1489 3395 ιι·

358 3482 360 3499 .
420 3434 543 3507 Latinis
565 3433 786 3525 reperiuntur,
828 3434 862 3503 iii
882 3432 1005 3508 nollio
1016 3439 1138 3508 Codice
1162 3442 1300 3509 deicere
1321 3435 1487 3525 itidenton*

417 3546 473 3621 scd
495 3550 666 3633 sciendum,
688 3551 778 3621 unius
798 3550 938 3621 cuiusuis
957 3554 1083 3622 tabulae
1101 3552 1227 3622 auersae
1250 3557 1332 3645 parti
1354 3580 1409 3629 eas
1430 3556 1479 3628 else

418 3639 602 3752 inscriptas,
637 3666 762 3735 maioris
780 3666 911 3734 forsitan
935 3664 1024 3733 causa
1049 3642 1238 3739 euidentiae.
1306 3675 1391 3744 Ante
1417 3653 1486 3768 ueri]

416 3798 511 3867 qiiam
539 3776 618 3865 ipsit
647 3780 785 3850 tabulas
798 3779 972 3848 accuratius
1001 3784 1212 3864 considerem,
1256 3783 1487 3876 discipiendnio

352 3951 358 3964 .
416 3892 472 3977 est,
513 3894 592 3967 uuid
613 3894 669 3961 libi
692 3896 792 3965 uelint
817 3892 873 3963 ista
901 3895 1017 3976 uerba,
1057 3918 1137 3985 quae
1163 3893 1221 3966 sub
1244 3902 1340 3970 linem
1360 3904 1439 3991 Cap.
1457 3885 1486 3971 11*

415 4028 458 4081 ex
478 4010 490 4076 l
498 4008 579 4079 ,ibin
599 4009 633 4081 V
636 4011 680 4079 lll
706 4014 867 4095 leguntur.
909 4010 1186 4094 sincinnium
1214 4012 1341 4097 litteris,
1365 4016 1399 4087 iri
1420 3996 1486 4162 pit-¹

413 4134 447 4194 ιι
461 4123 660 4193 membranae
681 4124 778 4195 minio
800 4124 913 4195 tiniiac
936 4124 1061 4211 scripta,
1086 4124 1299 4216 sequentem
1288 4152 1322 4200 in
1342 4099 1485 4253 nodoncl

408 4236 497 4319 ιιιιιι
510 4243 669 4335 statuuat
695 4238 823 4313 Tabulae
841 4260 896 4335 per
915 4239 1069 4317 nicenae
1088 4246 1271 4320 Gemma.
1313 4249 1395 4343 Quia
1415 4205 1485 4321 ιιι

1438 4361 1474 4435 ιιι

1481 4589 1483 4696 l
