3384 5425
322 587 499 698 ςοιιιιιΙ
527 581 1151 726 nemorumnemorum·
1235 601 1279 707 ra
1318 675 1325 690 ,

228 785 342 858 iabilire
364 785 531 878 possumus.
595 781 736 866 Etenim,
770 801 835 854 non
863 801 972 851 omnes
998 776 1083 852 inter
1111 782 1144 851 se
1167 801 1283 854 eonue·

225 905 312 989 uiant,
349 904 382 973 iu
412 895 614 982 numerandis
634 895 868 973 Pontificibusr
910 899 1005 966 immo
1033 897 1088 987 ipsi
1114 899 1284 970 Pontifices

225 1021 365 1090 interdum
381 1019 533 1088 dubitant
555 1017 598 1083 de
626 1028 758 1081 numero
780 1011 961 1081 nominibus
994 1009 1057 1082 suia
1084 1013 1284 1100 adiiciend03
1309 999 1337 1109 ’,

225 1141 297 1223 quale
322 1137 504 1223 exemplum
524 1129 558 1202 iu
572 1127 751 1228 beneditio
774 1127 852 1198 xut
871 1125 976 1198 nostro
1002 1141 1148 1220 tempore
1170 1151 1283 1198 occur·

222 1251 263 1318 rit.
298 1249 387 1320 Num
413 1253 498 1318 euim
519 1248 546 1315 ie
574 1247 692 1314 decimas
717 1249 828 1326 tertias,
862 1263 901 1314 an
923 1266 1000 1335 uero
1022 1247 1143 1314 decimas
1166 1261 1286 1334 quartur

222 1363 353 1460 debuerit
379 1361 512 1442 salutari,
539 1361 629 1434 initio
656 1357 849 1428 haerebant:
884 1373 917 1428 et
936 1361 1021 1435 reiie
1043 1363 1185 1450 quidem,
1203 1385 1287 1451 qun·
1398 1387 1402 1407 ·
1489 1350 1490 1409 i

221 1479 289 1547 niam
322 1473 522 1546 Innocentius
549 1473 676 1548 th'in
711 1473 892 1560 Diplomate
923 1495 978 1560 ap.
1000 1477 1186 1564 Vgheliium
1213 1482 1284 1550 Ital.

221 1593 294 1664 Saer.
314 1593 357 1666 T.
378 1593 437 1674 IV,
469 1613 503 1678 p.
530 1581 604 1666 806·
641 1587 859 1671 Benedirium
896 1590 954 1676 qui
974 1591 1165 1678 Antipapam
1184 1587 1283 1674 habe·

220 1709 264 1778 bnt
285 1707 474 1794 Gregorium
487 1703 559 1784 XII,
585 1703 646 1770 iam
669 1683 977 1774 decimumtertium
1002 1709 1180 1794 appellarit·
1207 1710 1286 1783 For·

220 1835 246 1892 te
270 1821 381 1910 igitur,
417 1821 436 1889 sr
470 1817 660 1888 conieiiuris
688 1821 776 1886 locus
802 1817 944 1900 dandos,
980 1819 1114 1890 Iacobus
1132 1825 1286 1909 uegetos,

221 1923 268 2024 nui
293 1959 407 2008 munus
430 1933 599 2006 Secretarii
620 1933 659 2000 ab
681 1931 864 2000 Innocentio
890 1932 1037 2018 petierat,
1058 1935 1136 2006 teste
1154 1937 1286 2034 Leoniu

221 2055 318 2124 bruno
346 2052 479 2122 Aretinn
506 2049 545 2126 L.
563 2049 587 2127 1,
620 2044 716 2135 Epist·
737 2047 761 2126 1,
784 2065 858 2131 pag.
886 2059 899 2110 1
931 2061 999 2114 et2
1027 2053 1105 2118 edit.
1123 2055 1286 2131 recatatiii'·

220 2169 392 2255 Hamburg.
407 2167 448 2234 de
460 2165 496 2232 A.
512 2177 616 2248 1724,
632 2159 798 2228 obtinendi
814 2159 899 2226 iltius
919 2159 1018 2242 causa,
1042 2162 1185 2238 Pontifici
1201 2166 1287 2254 hune

203 2283 295 2354 inum
313 2287 459 2356 laborem
482 2277 654 2347 inscribere
671 2273 790 2344 abluite
816 2291 879 2360 quo
903 2273 975 2344 fatis
998 2277 1117 2361 tenuo,
1144 2296 1186 2358 et,
1200 2287 1303 2359 Ver·¹
1342 2350 1344 2355 ,

218 2399 294 2470 ione
316 2419 382 2466 non
400 2397 475 2464 dum
500 2395 649 2463 adfinem
671 2385 835 2476 perdutia,
860 2391 1041 2461 Alexandro
1055 2396 1089 2466 V
1112 2418 1179 2470 erm
1199 2401 1292 2472 dedi.

216 2512 301 2595 cauit,
315 2515 407 2582 cuius
427 2527 540 2579 nomen
554 2507 589 2604 in
609 2506 755 2576 omnibus
775 2503 952 2592 exproiium
970 2513 1087 2598 tegitur
1099 2515 1288 2612 Codicibru.

219 2627 387 2732 Librarius
408 2641 510 2696 autem
527 2597 737 2690 Ebneriauum
756 2617 938 2689 describens
955 2633 1136 2715 exemplar,
1163 2647 1291 2708 retento

214 2764 367 2821 numero,
395 2738 570 2811 Alexandri
586 2729 721 2816 numini,
755 2734 788 2803 in
810 2737 922 2831 ordine
941 2741 1145 2829 Pontificum,
1174 2771 1316 2824 conue-

203 2860 324 2937 niente,
347 2844 464 2925 nomen
483 2852 657 2921 innocentii
674 2848 844 2932 substituit,
872 2856 1018 2941 adeoque
1041 2876 1185 2929 errorem
1201 2886 1291 2933 eom

203 2960 294 3050 nuit.
338 2974 382 3043 id
403 2968 491 3058 quod
516 2986 553 3035 eo
576 2964 676 3049 magis
693 2962 954 3051 probabilemibi
971 2966 1110 3053 uidetur,
1142 2976 1292 3069 quoniam

210 3095 246 3161 td
268 3093 384 3161 titulos
414 3088 570 3155 librorum
597 3094 650 3150 aut
677 3080 913 3161 dedicationum
933 3079 1171 3174 describendos,
1212 3092 1293 3164 anti·
1395 3127 1401 3145 ·

209 3207 364 3296 quiffimie
392 3198 593 3290 temporibus
617 3194 848 3265 adhibebantur
877 3197 1123 3289 chrysographi
1157 3206 1214 3295 qni
1236 3228 1293 3281 ene

208 3324 413 3395 membranae
431 3331 611 3404 purpureae
628 3310 745 3384 litteris
765 3308 978 3391 inscribebant
992 3318 1105 3402 aureis,
1128 3315 1289 3398 referente

203 3438 397 3511 Mantiane.
423 3432 454 3500 in
475 3434 636 3513 Palaeugr.
662 3430 780 3493 Graeca
800 3424 837 3493 L.
856 3428 881 3508 1,
903 3430 940 3496 C.
957 3430 983 3513 1,
1005 3450 1076 3519 Μ
1095 3432 1162 3527 seq,
1186 3455 1217 3511 et
1242 3438 1294 3512 di.

210 3558 413 3625 uerierunt
442 3540 697 3631 aCalligrapbie.
740 3542 785 3607 Hi
812 3553 866 3629 aut
891 3543 986 3614 nimis
1006 3545 1131 3633 incurii,
1153 3567 1206 3623 aut
1226 3548 1295 3626 aliie
1363 3570 1368 3587 ¹
1453 3525 1457 3533 ⁴

211 3674 303 3740 rebus
332 3664 463 3738 intenti,
486 3660 579 3729 facile
607 3676 712 3725 errare
732 3670 926 3743 potuerunt3
971 3674 1006 3767 ut
1023 3666 1115 3752 plura
1137 3650 1296 3760 exempli,

208 3786 239 3855 in
259 3788 337 3857 aliie
358 3776 535 3856 Cudieibus
560 3772 673 3852 obuia,
696 3771 822 3841 docent.
866 3773 947 3841 Cum
970 3774 1069 3860 igitur
1088 3778 1119 3850 in
1143 3806 1296 3854 mennon.

210 3912 239 3973 to
255 3902 391 3973 Codice
408 3890 583 3960 Ebneriano
607 3907 644 3954 ea
665 3904 738 3972 pars
761 3887 971 3971 membranae,
995 3893 1045 3960 eui
1067 3896 1177 3980 uerba,
1202 3898 1297 3986 supe·
1347 3895 1351 3904 '

210 4020 303 4088 riur
301 4010 490 4085 u'deiuiia,¹
512 4001 798 4107 deprehenduntur
818 4000 987 4091 inscripta,
1022 4010 1119 4079 minio
1145 4014 1179 4083 sn
1201 4016 1298 4121 piita,
1352 4000 1356 4008 ¹

203 4134 336 4263 primae
362 4140 471 4197 autem
444 4094 722 4305 Qgrapbiae
742 4120 860 4188 indicia
880 4121 984 4191 adhue
1004 4128 1196 4219 pelluceant,
1215 4134 1298 4203 faci
1319 4124 1324 4131 ’

326 4272 328 4279 ν
671 4235 802 4309 Fa
862 4248 893 4305 .·
1195 4246 1298 4321 [ο
1366 4284 1372 4295 ,
